@misc{datacenter,
author="Ryan Wilson, Brian O'Connor",
year="2013",
howpublished={\url{http://reproducingnetworkresearch.wordpress.com/2013/03/13/cs244-13-improving-datacenter-performance-and-robustness-with-multipath-tcp/}}}

@inproceedings{mptcp,
author = {Raiciu, Costin and Barre, Sebastien and Pluntke, Christopher and Greenhalgh, Adam and Wischik, Damon and Handley, Mark},
title = {Improving Datacenter Performance and Robustness with Multipath TCP},
booktitle = {Proceedings of the ACM SIGCOMM 2011 Conference},
series = {SIGCOMM '11},
year = {2011},
isbn = {978-1-4503-0797-0},
location = {Toronto, Ontario, Canada},
pages = {266--277},
numpages = {12},
url = {http://doi.acm.org/10.1145/2018436.2018467},
doi = {10.1145/2018436.2018467},
acmid = {2018467},
publisher = {ACM},
address = {New York, NY, USA},
keywords = {data center, mptcp},
} 

@misc{dht,
author="Costin Raiciu",
howpublished={\url{http://changeofelia.info.ucl.ac.be/pmwiki/uploads/SummerSchool/Program/session_010.pdf}}}

@article{scalable,
author = {Al-Fares, Mohammad and Loukissas, Alexander and Vahdat, Amin},
title = {A Scalable, Commodity Data Center Network Architecture},
journal = {SIGCOMM Comput. Commun. Rev.},
issue_date = {October 2008},
volume = {38},
number = {4},
month = aug,
year = {2008},
issn = {0146-4833},
pages = {63--74},
numpages = {12},
url = {http://doi.acm.org/10.1145/1402946.1402967},
doi = {10.1145/1402946.1402967},
acmid = {1402967},
publisher = {ACM},
address = {New York, NY, USA},
keywords = {data center topology, equal-cost routing},
}
@Comment @inbook{DM,
@Comment title={Data Mining: Practical Machine Learning Tools and Techniques},
@Comment publisher={Morgan Kaufmann},
@Comment edition={Third},
@Comment author={I. Witten, E. Frank, M. Hall},
@Comment pages={99} }
@Comment @article{PCA0,
@Comment author={M. Turk, A. Pentland},
@Comment title={Eigenfaces for Recognition},
@Comment journal={Journal of Cognitive Neurosicence},
@Comment volume={3},
@Comment issue={1},
@Comment pages={71-86},
@Comment year={1991} }
@Comment @article{PCA1,
@Comment author={H. Moon, P.J. Phillips},
@Comment title={Computational and Performance aspects of PCA-based Face Recognition Algorithms},
@Comment journal={Perception},
@Comment volume={30},
@Comment pages={303-321},
@Comment year={2001} }
@Comment @article{ICA0,
@Comment author={M.S. Bartlett, J.R. Movellan, T.J. Sejnowski},
@Comment title={Face Recognition by Independent Component Analysis},
@Comment journal={IEEE Trans. on Neural Networks},
@Comment volume={13},
@Comment pages={1450-1464},
@Comment issue={6},
@Comment year={2002} }
@Comment @article{LDA0,
@Comment author={J. Lu, K.N. Plataniotis, A.N. Venetsanopoulos},
@Comment title={Face Recognition by Independent Component Analysis},
@Comment journal={IEEE Trans. on Neural Networks},
@Comment volume={14},
@Comment pages={195-200},
@Comment issue={1},
@Comment year={2003} }
@Comment @article{EBGM,
@Comment author={L. Wiskott, J.-M. Fellous, N. Krueuger, C. von der Malsburg},
@Comment title={Face Recognition by Elastic Bunch Graph Matching},
@Comment journal={IEEE Trans. on Pattern Analysis and Machine Intelligence},
@Comment volume={19},
@Comment pages={775-779},
@Comment issue={7},
@Comment year={1997} }
@Comment @conference{SVM,
@Comment author={G. Guo, S.Z. Li, K. Chan},
@Comment title={Face Recognition by Support Vector Machines},
@Comment booktitle={Proc. of the IEEE International Conference on Automatic Face and Gesture Recognition},
@Comment year={2000} }
@Comment @article{HMM,
@Comment author={A.V. Nefian, M.H. Hayes III},
@Comment title={Hidden Markov Models for Face Recognition},
@Comment journal={Proc. of the IEEE International Conference on Acoustics, Speech, and Signal Processing},
@Comment pages={2721-2724},
@Comment volume={5}
@Comment year={1998} }

